34100000      080219468242000132                    08933 000000013392 1ZOOP TECNOLOGIA LTDA          ITAU                                    10110201421395700000000000000                                                                     
34100011C9841040 219468242000132                    08933 000000013392 1ZOOP TECNOLOGIA LTDA                                                  RUA BARAO DE SAO FRANCISCO    00373               Rio de Janeiro      20541371RJ                  
3410001300001A00000000000280 000000002163 5FELIPE SANTIAGO PAVAO SOUSA   123                 30092014REA000000000000000000000000080000                    00000000000000000000000                    00000010546501796                          
34100015         000003000000000000080000000000000000000000                                                                                                                                                                                     
34199999         000001000005                                                                                                                                                                                                                   
