34100000      080219468242000132                    08933 000000013392 1ZOOP TECNOLOGIA LTDA          ITAU                                    13110201416051200000000000000                                                                     
34100011C2001040 219468242000132                    08933 000000013392 1ZOOP TECNOLOGIA LTDA                                                  RUA BARAO DE SAO FRANCISCO    00373               Rio de Janeiro      20541371RJ                  
3410001300001A00000034100280 000000002163 5FELIPE SANTIAGO PAVAO SOUSA   123                 31102014REA000000000000000000000000000100                    00000000000000000000000                    00000010546501796000                       
34100015         000003000000000000000100000000000000000000                                                                                                                                                                                     
34199999         000001000005                                                                                                                                                                                                                   
