34100000      080219468242000132          002792082 08933 000000013392 1ZOOP TECNOLOGIA LTDA          BANCO ITAU S/A                          21410201402211301831308006250                                                                     
34100011C2001080 219468242000132                    08933 000000013392 1ZOOP TECNOLOGIA LTDA                                                  RUA BARAO DE SAO FRANCISCO    00373               RIO DE JANEIRO      20541371RJ                  
3410001300001A00000034100280 000000002163 5FELIPE S P SOUSA              123                 13102014BRL000000000000000000000000000100423915029000013     13102014000000000000100ZOOP TECNOLOGIA L   00000010546501796000            0NA        
34100015         000003000000000000000100000000000000000000                                                                                                                                                                                     
34199999         000001000005000000                                                                                                                                                                                                             
